<?xml version="1.0" encoding="UTF-8" ?>
<collection xmlns:xsi="http://www.w3.org/2001/XMLSchema-instance" xsi:schemaLocation="http://www.loc.gov/MARC21/slim http://www.loc.gov/standards/marcxml/schema/MARC21slim.xsd" xmlns="http://www.loc.gov/MARC21/slim">
   <record>
      <leader>     mam a22     ua 4500</leader>
      <controlfield tag="001">1931250</controlfield>
      <controlfield tag="003">NIC</controlfield>
      <controlfield tag="005">20131119175025.0</controlfield>
      <controlfield tag="008">850206m19359999le hj    b    000 0 arar </controlfield>
      <datafield tag="010" ind1=" " ind2=" ">
         <subfield code="a">   59034973  </subfield>
      </datafield>
      <datafield tag="035" ind1=" " ind2=" ">
         <subfield code="a">(NIC)notisAJZ5368</subfield>
      </datafield>
      <datafield tag="035" ind1=" " ind2=" ">
         <subfield code="a">(OCoLC)22723093</subfield>
      </datafield>
      <datafield tag="035" ind1=" " ind2=" ">
         <subfield code="a">1931250</subfield>
      </datafield>
      <datafield tag="040" ind1=" " ind2=" ">
         <subfield code="c">MiU</subfield>
         <subfield code="d">MiU</subfield>
         <subfield code="d">NIC</subfield>
      </datafield>
      <datafield tag="050" ind1=" " ind2=" ">
         <subfield code="a">PJ25</subfield>
         <subfield code="b">.A6 no.7, etc.</subfield>
      </datafield>
      <datafield tag="100" ind1="1" ind2=" ">
         <subfield code="a">Jabbūr, Jibrāʼīl Sulaymān.</subfield>
      </datafield>
      <datafield tag="245" ind1="1" ind2="0">
         <subfield code="a">ʻUmār ibn Abī Rabīʻah :</subfield>
         <subfield code="b">wa-huwa dirāsah taḥlīlīyah fī thalāthat ajzāʼ tabḥathu fī ʻaṣrihi wa-ḥayātihi wa-shiʻrihi /</subfield>
         <subfield code="c">bi-qalam Jibrāʼīl Sulaymān Jabbūr.</subfield>
      </datafield>
      <datafield tag="260" ind1=" " ind2=" ">
         <subfield code="a">[S.l. :</subfield>
         <subfield code="b">s.n.,</subfield>
         <subfield code="c">1935]-</subfield>
         <subfield code="e">(Bayrūt :</subfield>
         <subfield code="f">al-Maṭbaʻah al-Kāthūlīkīyah)</subfield>
      </datafield>
      <datafield tag="300" ind1=" " ind2=" ">
         <subfield code="a">v. :</subfield>
         <subfield code="b">facsims., geneal. tables ;</subfield>
         <subfield code="c">25 cm.</subfield>
      </datafield>
      <datafield tag="490" ind1="1" ind2=" ">
         <subfield code="a">al-Jāmiʻah al-Amrīkīyah fī Bayrūt. Manshūrāt Kullīyat a-ʻUlūm wa-al-Ādāb. Silsilat al-ʻUlūm al-sharqīyah, 7, 13</subfield>
      </datafield>
      <datafield tag="500" ind1=" " ind2=" ">
         <subfield code="a">Added t.p.: ʻUmar ibn Abī Rabīʻah, his age, life and works, by Jibrāʼīl S. Jabbūr.</subfield>
      </datafield>
      <datafield tag="500" ind1=" " ind2=" ">
         <subfield code="a">Vol. 2 has imprint al-Maṭbaʻah al-Amīrikānīyah.</subfield>
      </datafield>
      <datafield tag="504" ind1=" " ind2=" ">
         <subfield code="a">Includes bibliographies.</subfield>
      </datafield>
      <datafield tag="505" ind1=" " ind2=" ">
         <subfield code="a">al-Juzʼ 1: ʻAṣr Ibn Abī Rabīʻah --al-Juzʼ 2: Ḥayāt ibn Abī Rabīʻah.</subfield>
      </datafield>
      <datafield tag="600" ind1="1" ind2="0">
         <subfield code="a">ʻUmar ibn Abī Rabīʻah,</subfield>
         <subfield code="d">643 or 644-711 or 712</subfield>
      </datafield>
      <datafield tag="830" ind1=" " ind2="0">
         <subfield code="a">Publication of the Faculty of Arts and Sciences.</subfield>
         <subfield code="p">Oriental series ;</subfield>
         <subfield code="v">no. 7, 13.</subfield>
      </datafield>
      <datafield tag="903" ind1=" " ind2=" ">
         <subfield code="a">NYUACO</subfield>
         <subfield code="d">20131119</subfield>
         <subfield code="p">31924060247719</subfield>
      </datafield>
      <datafield tag="905" ind1=" " ind2=" ">
         <subfield code="a">19911023120000.0</subfield>
      </datafield>
      <datafield tag="948" ind1="2" ind2=" ">
         <subfield code="a">20100407</subfield>
         <subfield code="b">m</subfield>
         <subfield code="d">batch</subfield>
         <subfield code="e">lts</subfield>
         <subfield code="x">del9XXtxt</subfield>
      </datafield>
      <datafield tag="950" ind1=" " ind2=" ">
         <subfield code="a">PJ7700.U48Z5</subfield>
         <subfield code="b">J12</subfield>
      </datafield>
      <datafield tag="995" ind1=" " ind2=" ">
         <subfield code="a">Hivolm</subfield>
         <subfield code="d">20100407</subfield>
      </datafield>
      <datafield tag="903" ind1=" " ind2=" ">
         <subfield code="a">NYUACO</subfield>
         <subfield code="d">20140402</subfield>
         <subfield code="p">31924060247719</subfield>
      </datafield>
      <datafield tag="950" ind1=" " ind2=" ">
         <subfield code="a">PJ7700.U48</subfield>
         <subfield code="b">J12</subfield>
         <subfield code="v">juz1 </subfield>
      </datafield>
   </record>
</collection>
